<?xml version="1.0" encoding="UTF-8"?><collection><record><leader>05372ntm a2200601 a 4500</leader><controlfield tag="001">006836160</controlfield><controlfield tag="003">MiAaHDL</controlfield><controlfield tag="005">20190719000000.0</controlfield><controlfield tag="006">m        d        </controlfield><controlfield tag="007">cr bn ---auaua</controlfield><controlfield tag="008">090708s18uu    xx            00| ||per d</controlfield><datafield tag="035" ind1=" " ind2=" "><subfield code="a">(MiU)006836160</subfield></datafield><datafield tag="035" ind1=" " ind2=" "><subfield code="a">sdr-miu006836160</subfield></datafield><datafield tag="040" ind1=" " ind2=" "><subfield code="a">MiU</subfield><subfield code="c">MiU</subfield><subfield code="e">amremm</subfield></datafield><datafield tag="043" ind1=" " ind2=" "><subfield code="a">n-us-mi</subfield></datafield><datafield tag="100" ind1="1" ind2=" "><subfield code="6">880-01</subfield><subfield code="a">Nakhshabī, Z̤iyāʼ al-Dīn,</subfield><subfield code="d">-1350.</subfield></datafield><datafield tag="245" ind1="1" ind2="0"><subfield code="6">880-03</subfield><subfield code="a">[Ṭūṭīʹnāmah ... etc.,</subfield><subfield code="f">19th century?].</subfield></datafield><datafield tag="246" ind1="3" ind2=" "><subfield code="a">طوطى نامه</subfield></datafield><datafield tag="260" ind1=" " ind2=" "><subfield code="c">[18--?].</subfield></datafield><datafield tag="300" ind1=" " ind2=" "><subfield code="a">80 leaves :</subfield><subfield code="b">paper ;</subfield><subfield code="c">230 x 160 (160 x 100) mm. bound to 235 x 165 mm.</subfield></datafield><datafield tag="500" ind1=" " ind2=" "><subfield code="a">Shelfmark: Ann Arbor, University of Michigan, Special Collections Library, Isl. Ms. 897</subfield></datafield><datafield tag="500" ind1=" " ind2=" "><subfield code="a">Origin: Lacks dated colophon ; paper, etc. would suggest 19th century ; binding likely mid to late 19th century.</subfield></datafield><datafield tag="500" ind1=" " ind2=" "><subfield code="a">Accompanying materials: a. Slip with note "Counted for 1968/69 Annual Report" -- b. Slip with note "Persian Manuscripts (Heyworth Dunne?) No Husselman or Meredith-Owen notes" -- c. Scrap from catalog of law books in French [all no longer in volume].</subfield></datafield><datafield tag="500" ind1=" " ind2=" "><subfield code="a">Former shelfmark: Mich. Isl. Ms. temp. no. 46</subfield></datafield><datafield tag="500" ind1=" " ind2=" "><subfield code="a">Binding: Pasteboards covered in dark red leather ; Type III binding (without flap) though not flush with text block, etc. ; pastedowns and flyleaves in untinted European laid paper ; upper and lower covers blind-tooled in mitred-panel style, with outer border and inner panel stained to a dark brown ; spine blind-stamped with narrow bands and floral motifs ; edges of text block blue-flecked ; sewn in white thread over two cords (not recessed, visible as ridges at spine, flexible sewing) ; worked endbands, quite narrow ; overall in fairly good condition with minor abrasion, staining, etc.</subfield></datafield><datafield tag="500" ind1=" " ind2=" "><subfield code="a">Support: non-European laid paper with roughly 8 laid lines per cm. (vertical, fairly distinct, some curving) and chain lines spaced roughly 28-30 mm. apart (horizontal, curving), cream in color, thin and quite transluscent though sturdy, lightly burnished ; flyleaves in European laid paper with roughly 10 laid lines per cm. (vertical), chain lines spaced 26-27 mm. apart (horizontal) and watermarks of Fortune (figure standing on ball holding banner aloft) and "VAN GELDER ZONEN" (compare Heawood no.1365), sturdy, cream in color.</subfield></datafield><datafield tag="500" ind1=" " ind2=" "><subfield code="a">Script: Nastaʻlīq ; elegant hand in a medium line ; serifless with effect of words descending to baseline, elongation of horizontal strokes, pointing (for two and three dots) in strokes rather than distinct dots.</subfield></datafield><datafield tag="500" ind1=" " ind2=" "><subfield code="a">Layout: Written in 13 lines per page ; frame-ruled.</subfield></datafield><datafield tag="500" ind1=" " ind2=" "><subfield code="a">Collation: ii, IV+1 (9), 8 IV(73), IV-1 (80), ii ; exclusively quaternions ; final leaves left blank ; catchwords present ; pagination in pencil, Western numerals, supplied during digitization.</subfield></datafield><datafield tag="500" ind1=" " ind2=" "><subfield code="a">Explicit: "همه شب بیدار بود بر بستر نرم خفت"</subfield></datafield><datafield tag="500" ind1=" " ind2=" "><subfield code="a">Incipit: [Ṭūṭīʹnāmah] "بعد از جنس جنس ثنا و صفت پیدا کنندۀ آسمان و زمین کیفیت و حقیقت این است که داستان و قصه ها و حکایات گفتۀ حضرت نخشبی رحمت الله علیه که در طوطی نامه بعبارت سخت و دقیق نوشته بودند از برای مفصل و بیان وار معلوم شدن همه مردمان محمد خدواند قادری اصلح الله شانه ..."</subfield></datafield><datafield tag="500" ind1=" " ind2=" "><subfield code="a">Title supplied by cataloguer.</subfield></datafield><datafield tag="500" ind1=" " ind2=" "><subfield code="a">Ms. codex.</subfield></datafield><datafield tag="505" ind1="0" ind2=" "><subfield code="a">4. p.156-160 : [mainly blank].</subfield></datafield><datafield tag="505" ind1="0" ind2=" "><subfield code="a">3. p.84-p.155 : [Ṭūṭīʹnāmah] / Z̤iyāʼ al-Dīn Nakhshabī ; Muḥammad Qādirī.</subfield></datafield><datafield tag="505" ind1="0" ind2=" "><subfield code="a">2. p.83 : [blank].</subfield></datafield><datafield tag="505" ind1="0" ind2=" "><subfield code="a">1. p.4-p.82 : [Persian alphabetic and grammatical exercises ].</subfield></datafield><datafield tag="510" ind1="4" ind2=" "><subfield code="a">Berthels, E. "Nakhshabī, Shaykh Ḍiyāʾ al-Dīn." In EI2,</subfield><subfield code="c">Vol. VII, p.925, col.1</subfield></datafield><datafield tag="520" ind1="8" ind2=" "><subfield code="a">Fine copy of the Ṭūṭīʹnāmah of Shaykh Z̤iyāʼ al-Dīn Nakhshabī (d.1350) in the reduced and simplified version of Muḥammad Khudavānd Qādirī (fl. 17th cent.), preceded by a selection of alphabetic and grammatical exercises with dialogues.</subfield></datafield><datafield tag="538" ind1=" " ind2=" "><subfield code="a">Mode of access: Internet.</subfield></datafield><datafield tag="541" ind1=" " ind2=" "><subfield code="c">Gift ;</subfield><subfield code="a">Acquired from Frank E. Nuttall (1875-1943).</subfield></datafield><datafield tag="546" ind1=" " ind2=" "><subfield code="a">Persian.</subfield></datafield><datafield tag="561" ind1=" " ind2=" "><subfield code="a">Inscription in pencil on inner front flyleaf (p.1) listing contents in French "1. Syllabaire, conjugations et dialogues persans 2. Touty-nameh recueil de contes persan" ; inscription on verso of final leaf (p.160) listing contents in English "Persian Ms. containing I Persian Grammar and Dialogues II Tute Nāmeh or Tales of a Parrot" ; occasional marginal notes in pencil providing terms in English, often with corresponding word in text underlined.</subfield></datafield><datafield tag="650" ind1=" " ind2="0"><subfield code="a">Manuscripts, Persian</subfield><subfield code="z">Michigan</subfield><subfield code="z">Ann Arbor.</subfield></datafield><datafield tag="650" ind1=" " ind2="0"><subfield code="a">Folk literature, Persian</subfield><subfield code="v">Early works to 1800.</subfield></datafield><datafield tag="650" ind1=" " ind2="0"><subfield code="a">Persian literature</subfield><subfield code="y">747-1500.</subfield></datafield><datafield tag="650" ind1=" " ind2="0"><subfield code="a">Persian language</subfield><subfield code="x">Grammar.</subfield></datafield><datafield tag="700" ind1="1" ind2=" "><subfield code="a">Nuttall, Frank E.,</subfield><subfield code="d">1875-1943,</subfield><subfield code="e">former owner.</subfield></datafield><datafield tag="700" ind1="1" ind2=" "><subfield code="6">880-05</subfield><subfield code="a">Qādirī, Muḥammad,</subfield><subfield code="d">17th cent.</subfield></datafield><datafield tag="773" ind1="0" ind2=" "><subfield code="a">F. E. Nuttall Collection.</subfield></datafield><datafield tag="880" ind1="1" ind2=" "><subfield code="6">700-05/</subfield><subfield code="a">قادرى، محمد.</subfield></datafield><datafield tag="880" ind1="1" ind2="0"><subfield code="6">245-03/</subfield><subfield code="a">[طوطی نامه ... الخ,</subfield><subfield code="f">قرن 19م؟].</subfield></datafield><datafield tag="880" ind1="1" ind2=" "><subfield code="6">100-01/</subfield><subfield code="a">ضيا الدين نخشبى.</subfield></datafield><datafield tag="CID" ind1=" " ind2=" "><subfield code="a">006836160</subfield></datafield><datafield tag="DAT" ind1="0" ind2=" "><subfield code="a">20190719102641.0</subfield><subfield code="b">20190719000000.0</subfield></datafield><datafield tag="DAT" ind1="1" ind2=" "><subfield code="a">20190719090653.0</subfield><subfield code="b">2019-07-19T16:10:25Z</subfield></datafield><datafield tag="DAT" ind1="2" ind2=" "><subfield code="a">2015-10-10T18:00:06Z</subfield></datafield><datafield tag="CAT" ind1=" " ind2=" "><subfield code="a">SDR-MIU</subfield><subfield code="d">EX LIBRIS - ALEPH</subfield><subfield code="l">prepare.pl-004-008</subfield></datafield><datafield tag="FMT" ind1=" " ind2=" "><subfield code="a">BK</subfield></datafield><datafield tag="HOL" ind1=" " ind2=" "><subfield code="0">sdr-miu006836160</subfield><subfield code="a">MiU</subfield><subfield code="b">SDR</subfield><subfield code="c">MIU</subfield><subfield code="p">mdp.39015079132265</subfield><subfield code="s">MIU</subfield><subfield code="1">006836160</subfield></datafield><datafield tag="974" ind1=" " ind2=" "><subfield code="b">MIU</subfield><subfield code="c">MIU</subfield><subfield code="d">20190719</subfield><subfield code="s">lit-dlps-dc</subfield><subfield code="u">mdp.39015079132265</subfield><subfield code="y">1899</subfield><subfield code="r">pd</subfield><subfield code="q">exp</subfield></datafield></record></collection>